@article{marshall2018,
  title={Mathematical models of human mobility of relevance to malaria transmission in Africa},
  author={Marshall, John M and Wu, Sean L and Kiware, Samson S and Ndhlovu, Micky and Ou{\'e}draogo, Andr{\'e} Lin and Tour{\'e}, Mahamoudou B and Sturrock, Hugh J and Ghani, Azra C and Ferguson, Neil M and others},
  journal={{Scientific Reports}},
  volume={8},
  number={1},
  pages={7713},
  year={2018},
  publisher={Nature Publishing Group}
}
@article{dsilva2017,
  title={Modeling spatial invasion of Ebola in West Africa},
  author={D’Silva, Jeremy P and Eisenberg, Marisa C},
  journal={{Journal of Theoretical Biology}},
  volume={428},
  pages={65--75},
  year={2017},
  publisher={Elsevier}
}

@article{tompkins2016,
  title={Migration statistics relevant for malaria transmission in {Senegal} derived from mobile phone data and used in an agent-based migration model.},
  author={Tompkins, Adrian M and McCreesh, Nicky},
  journal={{Geospatial Health}},
  volume={11},
  number={1 Supp},
  pages={408},
  year={2016},
  publisher={PAGEpress}
}

@article{gustafson2017,
  title={{Identifying spatio-temporal dynamics of Ebola in Sierra Leone using virus genomes}},
  author={Gustafson, Kyle B and Proctor, Joshua L},
  journal={{Journal of The Royal Society Interface}},
  volume={14},
  number={136},
  pages={20170583},
  year={2017},
  publisher={The Royal Society}
}

@article{wesolowski2013,
  title={The use of census migration data to approximate human movement patterns across temporal scales},
  author={Wesolowski, Amy and Buckee, Caroline O and Pindolia, Deepa K and Eagle, Nathan and Smith, David L and Garcia, Andres J and Tatem, Andrew J},
  journal={{PloS One}},
  volume={8},
  number={1},
  pages={e52971},
  year={2013},
  publisher={Public Library of Science}
}
@article{ruktanonchai2016,
  title={{Identifying Malaria Transmission Foci for Elimination Using Human Mobility Data}},
  author={Ruktanonchai, Nick W and DeLeenheer, Patrick and Tatem, Andrew J and Alegana, Victor A and Caughlin, T Trevor and zu Erbach-Schoenberg, Elisabeth and Louren{\c{c}}o, Christopher and Ruktanonchai, Corrine W and Smith, David L},
  journal={{PLoS Computational Biology}},
  volume={12},
  number={4},
  pages={e1004846},
  year={2016},
  publisher={Public Library of Science}
}
@article{silal2015,
  title={Hitting a moving target: a model for malaria elimination in the presence of population movement},
  author={Silal, Sheetal Prakash and Little, Francesca and Barnes, Karen Irma and White, Lisa Jane},
  journal={PLoS One},
  volume={10},
  number={12},
  pages={e0144990},
  year={2015},
  publisher={Public Library of Science}
}
@article{mari2017big,
  title={Big-data-driven modeling unveils country-wide drivers of endemic schistosomiasis},
  author={Mari, Lorenzo and Gatto, Marino and Ciddio, Manuela and Dia, Elhadji D and Sokolow, Susanne H and De Leo, Giulio A and Casagrandi, Renato},
  journal={Scientific reports},
  volume={7},
  number={1},
  pages={489},
  year={2017},
  publisher={Nature Publishing Group}
}

@article{kraemer2017spread,
  title={Spread of yellow fever virus outbreak in Angola and the Democratic Republic of the Congo 2015--16: a modelling study},
  author={Kraemer, Moritz UG and Faria, Nuno R and Reiner Jr, Robert C and Golding, Nick and Nikolay, Birgit and Stasse, Stephanie and Johansson, Michael A and Salje, Henrik and Faye, Ousmane and Wint, GR William and others},
  journal={The Lancet infectious diseases},
  volume={17},
  number={3},
  pages={330--338},
  year={2017},
  publisher={Elsevier}
}
@article{matamalas2016assessing,
  title={Assessing reliable human mobility patterns from higher order memory in mobile communications},
  author={Matamalas, Joan T and De Domenico, Manlio and Arenas, Alex},
  journal={Journal of The Royal Society Interface},
  volume={13},
  number={121},
  pages={20160203},
  year={2016},
  publisher={The Royal Society}
}
@article{finger2016mobile,
  title={Mobile phone data highlights the role of mass gatherings in the spreading of cholera outbreaks},
  author={Finger, Flavio and Genolet, Tina and Mari, Lorenzo and de Magny, Guillaume Constantin and Manga, No{\"e}l Magloire and Rinaldo, Andrea and Bertuzzo, Enrico},
  journal={Proceedings of the National Academy of Sciences},
  volume={113},
  number={23},
  pages={6421--6426},
  year={2016},
  publisher={National Acad Sciences}
}

@article{collinson2014migration,
  title={{Migration and the epidemiological transition: insights from the Agincourt sub-district of northeast South Africa}},
  author={Collinson, Mark A and White, Michael J and Bocquier, Philippe and McGarvey, Stephen T and Afolabi, Sulaimon A and Clark, Samuel J and Kahn, Kathleen and Tollman, Stephen M},
  journal={{Global Health Action}},
  volume={7},
  number={1},
  pages={23514},
  year={2014},
  publisher={Taylor \& Francis}
}
@article{andrews2012projecting,
  title={{Projecting the Benefits of Antiretroviral Therapy for HIV Prevention: The Impact of Population Mobility and Linkage to Care}},
  author={Andrews, Jason R and Wood, Robin and Bekker, Linda-Gail and Middelkoop, Keren and Walensky, Rochelle P},
  journal={{The Journal of Infectious Diseases}},
  volume={206},
  number={4},
  pages={543--551},
  year={2012},
  publisher={Oxford University Press}
}
@article{kramer2016spatial,
  title={Spatial spread of the West Africa Ebola epidemic},
  author={Kramer, Andrew M and Pulliam, J Tomlin and Alexander, Laura W and Park, Andrew W and Rohani, Pejman and Drake, John M},
  journal={{Royal Society Open Science}},
  volume={3},
  number={8},
  pages={160294},
  year={2016},
  publisher={The Royal Society}
}
@article{dobra2018loglinear,
  title={Loglinear model selection and human mobility},
  author={Dobra, Adrian and Mohammadi, Reza and others},
  journal={{The Annals of Applied Statistics}},
  volume={12},
  number={2},
  pages={815--845},
  year={2018},
  publisher={Institute of Mathematical Statistics}
}
@article{dobra2017space,
  title={{Space-time migration patterns and risk of HIV acquisition in rural South Africa}},
  author={Dobra, Adrian and B{\"a}rnighausen, Till and Vandormael, Alain and Tanser, Frank},
  journal={AIDS (London, England)},
  volume={31},
  number={1},
  pages={137},
  year={2017},
  publisher={Wolters Kluwer Health}
}
@article{tatem2012spatial,
  title={{Spatial accessibility and the spread of HIV-1 subtypes and recombinants}},
  author={Tatem, Andrew J and Hemelaar, Joris and Gray, Rebecca R and Salemi, Marco},
  journal={Aids},
  volume={26},
  number={18},
  pages={2351--2360},
  year={2012},
  publisher={LWW}
}
@article{pindolia2013demographics,
  title={{The demographics of human and malaria movement and migration patterns in East Africa}},
  author={Pindolia, Deepa K and Garcia, Andres J and Huang, Zhuojie and Smith, David L and Alegana, Victor A and Noor, Abdisalan M and Snow, Robert W and Tatem, Andrew J},
  journal={{Malaria Journal}},
  volume={12},
  number={1},
  pages={397},
  year={2013},
  publisher={BioMed Central}
}
@article{mastrorillo2016influence,
  title={{The influence of climate variability on internal migration flows in South Africa}},
  author={Mastrorillo, Marina and Licker, Rachel and Bohra-Mishra, Pratikshya and Fagiolo, Giorgio and Estes, Lyndon D and Oppenheimer, Michael},
  journal={{Global Environmental Change}},
  volume={39},
  pages={155--169},
  year={2016},
  publisher={Elsevier}
}
@article{iqbal2007geo,
  title={{The geo-politics of forced migration in Africa, 1992--2001}},
  author={Iqbal, Zaryab},
  journal={{Conflict Management and Peace Science}},
  volume={24},
  number={2},
  pages={105--119},
  year={2007},
  publisher={Taylor \& Francis}
}
@article{yukich2013travel,
  title={{Travel history and malaria infection risk in a low-transmission setting in Ethiopia: a case control study}},
  author={Yukich, Joshua O and Taylor, Cameron and Eisele, Thomas P and Reithinger, Richard and Nauhassenay, Honelgn and Berhane, Yemane and Keating, Joseph},
  journal={{Malaria Journal}},
  volume={12},
  number={1},
  pages={33},
  year={2013},
  publisher={BioMed Central}
}
@article{garcia2015modeling,
  title={{Modeling internal migration flows in sub-Saharan Africa using census microdata}},
  author={Garcia, Andres J and Pindolia, Deepa K and Lopiano, Kenneth K and Tatem, Andrew J},
  journal={{Migration Studies}},
  volume={3},
  number={1},
  pages={89--110},
  year={2015},
  publisher={Oxford University Press}
}
@article{ruyssen2014determinants,
  title={{Determinants of Intraregional Migration in Sub-Saharan Africa 1980-2000}},
  author={Ruyssen, Ilse and Rayp, Glenn},
  journal={{Journal of Development Studies}},
  volume={50},
  number={3},
  pages={426--443},
  year={2014},
  publisher={Taylor \& Francis}
}
@article{wesolowski2014commentary,
  title={{Commentary: Containing the Ebola Outbreak – the Potential and Challenge of Mobile Network Data}},
  author={Wesolowski, Amy and Buckee, Caroline O and Bengtsson, Linus and Wetter, Erik and Lu, Xin and Tatem, Andrew J},
  journal={{PLoS Currents}},
  volume={6},
  year={2014},
  publisher={{Public Library of Science}}
}

@article{sorichetta2016mapping,
  title={Mapping internal connectivity through human migration in malaria endemic countries},
  author={Sorichetta, Alessandro and Bird, Tom J and Ruktanonchai, Nick W and zu Erbach-Schoenberg, Elisabeth and Pezzulo, Carla and Tejedor, Natalia and Waldock, Ian C and Sadler, Jason D and Garcia, Andres J and Sedda, Luigi and others},
  journal={{Scientific Data}},
  volume={3},
  pages={160066},
  year={2016},
  publisher={Nature Publishing Group}
}

@article{choe2014internal,
  title={Internal Migration of Blacks in South Africa: An Application of the Roy Model},
  author={Choe, Chung and Chrite, E LaBrent},
  journal={South African Journal of Economics},
  volume={82},
  number={1},
  pages={81--98},
  year={2014},
  publisher={Wiley Online Library}
}

@article{peak2018population,
  title={Population mobility reductions associated with travel restrictions during the Ebola epidemic in Sierra Leone: use of mobile phone data},
  author={Peak, Corey M and Wesolowski, Amy and zu Erbach-Schoenberg, Elisabeth and Tatem, Andrew J and Wetter, Erik and Lu, Xin and Power, Daniel and Weidman-Grunewald, Elaine and Ramos, Sergio and Moritz, Simon and others},
  journal={International journal of epidemiology},
  volume={47},
  number={5},
  pages={1562--1570},
  year={2018},
  publisher={Oxford University Press}
}
@article{huang2013open,
  title={An open-access modeled passenger flow matrix for the global air network in 2010},
  author={Huang, Zhuojie and Wu, Xiao and Garcia, Andres J and Fik, Timothy J and Tatem, Andrew J},
  journal={PloS one},
  volume={8},
  number={5},
  pages={e64317},
  year={2013},
  publisher={Public Library of Science}
}
@article{song2010modelling,
  title={Modelling the scaling properties of human mobility},
  author={Song, Chaoming and Koren, Tal and Wang, Pu and Barab{\'a}si, Albert-L{\'a}szl{\'o}},
  journal={Nature Physics},
  volume={6},
  number={10},
  pages={818},
  year={2010},
  publisher={Nature Publishing Group}
}

@article{lu2013approaching,
  title={{Approaching the Limit of Predictability in Human Mobility}},
  author={Lu, Xin and Wetter, Erik and Bharti, Nita and Tatem, Andrew J and Bengtsson, Linus},
  journal={{Scientific Reports}},
  volume={3},
  pages={2923},
  year={2013},
  publisher={Nature Publishing Group}
}

@article{dudas2017virus,
  title={Virus genomes reveal factors that spread and sustained the Ebola epidemic},
  author={Dudas, Gytis and Carvalho, Luiz Max and Bedford, Trevor and Tatem, Andrew J and Baele, Guy and Faria, Nuno R and Park, Daniel J and Ladner, Jason T and Arias, Armando and Asogun, Danny and others},
  journal={Nature},
  volume={544},
  number={7650},
  pages={309},
  year={2017},
  publisher={Nature Publishing Group}
}
@article{gustafson2017identifying,
  title={Identifying spatio-temporal dynamics of Ebola in Sierra Leone using virus genomes},
  author={Gustafson, Kyle B and Proctor, Joshua L},
  journal={Journal of The Royal Society Interface},
  volume={14},
  number={136},
  pages={20170583},
  year={2017},
  publisher={The Royal Society}
}